@Manual{R-base,
  title = {R: A Language and Environment for Statistical Computing},
  author = {{R Core Team}},
  organization = {R Foundation for Statistical Computing},
  address = {Vienna, Austria},
  year = {2024},
  url = {https://www.R-project.org/},
}

@Manual{R-broom,
  title = {broom: Convert Statistical Objects into Tidy Tibbles},
  author = {David Robinson and Alex Hayes and Simon Couch},
  year = {2024},
  note = {R package version 1.0.6},
  url = {https://broom.tidymodels.org/},
}

@Manual{R-DT,
  title = {DT: A Wrapper of the JavaScript Library DataTables},
  author = {Yihui Xie and Joe Cheng and Xianying Tan},
  year = {2024},
  note = {R package version 0.33},
  url = {https://github.com/rstudio/DT},
}

@Manual{R-ggplot2,
  title = {ggplot2: Create Elegant Data Visualisations Using the Grammar of Graphics},
  author = {Hadley Wickham and Winston Chang and Lionel Henry and Thomas Lin Pedersen and Kohske Takahashi and Claus Wilke and Kara Woo and Hiroaki Yutani and Dewey Dunnington and Teun {van den Brand}},
  year = {2024},
  note = {R package version 3.5.1},
  url = {https://ggplot2.tidyverse.org},
}

@Manual{R-infer,
  title = {infer: Tidy Statistical Inference},
  author = {Andrew Bray and Chester Ismay and Evgeni Chasnovski and Simon Couch and Ben Baumer and Mine Cetinkaya-Rundel},
  year = {2024},
  note = {R package version 1.0.7},
  url = {https://github.com/tidymodels/infer},
}

@Manual{R-ISLR,
  title = {ISLR: Data for an Introduction to Statistical Learning with
Applications in R},
  author = {Gareth James and Daniela Witten and Trevor Hastie and Rob Tibshirani},
  year = {2021},
  note = {R package version 1.4},
  url = {https://www.statlearning.com},
}

@Manual{R-kableExtra,
  title = {kableExtra: Construct Complex Table with kable and Pipe Syntax},
  author = {Hao Zhu},
  year = {2024},
  note = {R package version 1.4.0},
  url = {http://haozhu233.github.io/kableExtra/},
}

@Manual{R-knitr,
  title = {knitr: A General-Purpose Package for Dynamic Report Generation in R},
  author = {Yihui Xie},
  year = {2024},
  note = {R package version 1.47},
  url = {https://yihui.org/knitr/},
}

@Manual{R-MASS,
  title = {MASS: Support Functions and Datasets for Venables and Ripley's MASS},
  author = {Brian Ripley},
  year = {2024},
  note = {R package version 7.3-60.2},
  url = {http://www.stats.ox.ac.uk/pub/MASS4/},
}

@Manual{R-mosaic,
  title = {mosaic: Project MOSAIC Statistics and Mathematics Teaching Utilities},
  author = {Randall Pruim and Daniel T. Kaplan and Nicholas J. Horton},
  year = {2024},
  note = {R package version 1.9.1},
  url = {https://github.com/ProjectMOSAIC/mosaic},
}

@Manual{R-openintro,
  title = {openintro: Datasets and Supplemental Functions from OpenIntro Textbooks
and Labs},
  author = {Mine Çetinkaya-Rundel and David Diez and Andrew Bray and Albert Y. Kim and Ben Baumer and Chester Ismay and Nick Paterno and Christopher Barr},
  year = {2024},
  note = {R package version 2.5.0},
  url = {http://openintrostat.github.io/openintro/},
}

@Manual{R-rmarkdown,
  title = {rmarkdown: Dynamic Documents for R},
  author = {JJ Allaire and Yihui Xie and Christophe Dervieux and Jonathan McPherson and Javier Luraschi and Kevin Ushey and Aron Atkins and Hadley Wickham and Joe Cheng and Winston Chang and Richard Iannone},
  year = {2024},
  note = {R package version 2.27},
  url = {https://github.com/rstudio/rmarkdown},
}

@Manual{R-tidyverse,
  title = {tidyverse: Easily Install and Load the Tidyverse},
  author = {Hadley Wickham},
  year = {2023},
  note = {R package version 2.0.0},
  url = {https://tidyverse.tidyverse.org},
}

@Manual{R-vcd,
  title = {vcd: Visualizing Categorical Data},
  author = {David Meyer and Achim Zeileis and Kurt Hornik and Michael Friendly},
  year = {2023},
  note = {R package version 1.4-12},
}

@Book{ggplot22016,
  author = {Hadley Wickham},
  title = {ggplot2: Elegant Graphics for Data Analysis},
  publisher = {Springer-Verlag New York},
  year = {2016},
  isbn = {978-3-319-24277-4},
  url = {https://ggplot2.tidyverse.org},
}

@Article{infer2021,
  title = {{infer}: An {R} package for tidyverse-friendly statistical inference},
  author = {Simon P. Couch and Andrew P. Bray and Chester Ismay and Evgeni Chasnovski and Benjamin S. Baumer and Mine Çetinkaya-Rundel},
  journal = {Journal of Open Source Software},
  year = {2021},
  volume = {6},
  number = {65},
  pages = {3661},
  doi = {10.21105/joss.03661},
}

@Book{knitr2015,
  title = {Dynamic Documents with {R} and knitr},
  author = {Yihui Xie},
  publisher = {Chapman and Hall/CRC},
  address = {Boca Raton, Florida},
  year = {2015},
  edition = {2nd},
  note = {ISBN 978-1498716963},
  url = {https://yihui.org/knitr/},
}

@InCollection{knitr2014,
  booktitle = {Implementing Reproducible Computational Research},
  editor = {Victoria Stodden and Friedrich Leisch and Roger D. Peng},
  title = {knitr: A Comprehensive Tool for Reproducible Research in {R}},
  author = {Yihui Xie},
  publisher = {Chapman and Hall/CRC},
  year = {2014},
  note = {ISBN 978-1466561595},
}

@Book{MASS2002,
  title = {Modern Applied Statistics with S},
  author = {W. N. Venables and B. D. Ripley},
  publisher = {Springer},
  edition = {Fourth},
  address = {New York},
  year = {2002},
  note = {ISBN 0-387-95457-0},
  url = {https://www.stats.ox.ac.uk/pub/MASS4/},
}

@Article{mosaic2017,
  author = {Randall Pruim and Daniel T Kaplan and Nicholas J Horton},
  title = {The mosaic Package: Helping Students to 'Think with Data' Using R},
  journal = {The R Journal},
  volume = {9},
  number = {1},
  pages = {77--102},
  year = {2017},
  url = {https://journal.r-project.org/archive/2017/RJ-2017-024/index.html},
}

@Book{rmarkdown2018,
  title = {R Markdown: The Definitive Guide},
  author = {Yihui Xie and J.J. Allaire and Garrett Grolemund},
  publisher = {Chapman and Hall/CRC},
  address = {Boca Raton, Florida},
  year = {2018},
  isbn = {9781138359338},
  url = {https://bookdown.org/yihui/rmarkdown},
}

@Book{rmarkdown2020,
  title = {R Markdown Cookbook},
  author = {Yihui Xie and Christophe Dervieux and Emily Riederer},
  publisher = {Chapman and Hall/CRC},
  address = {Boca Raton, Florida},
  year = {2020},
  isbn = {9780367563837},
  url = {https://bookdown.org/yihui/rmarkdown-cookbook},
}

@Article{tidyverse2019,
  title = {Welcome to the {tidyverse}},
  author = {Hadley Wickham and Mara Averick and Jennifer Bryan and Winston Chang and Lucy D'Agostino McGowan and Romain François and Garrett Grolemund and Alex Hayes and Lionel Henry and Jim Hester and Max Kuhn and Thomas Lin Pedersen and Evan Miller and Stephan Milton Bache and Kirill Müller and Jeroen Ooms and David Robinson and Dana Paige Seidel and Vitalie Spinu and Kohske Takahashi and Davis Vaughan and Claus Wilke and Kara Woo and Hiroaki Yutani},
  year = {2019},
  journal = {Journal of Open Source Software},
  volume = {4},
  number = {43},
  pages = {1686},
  doi = {10.21105/joss.01686},
}

@Article{vcd2006,
  title = {The Strucplot Framework: Visualizing Multi-Way Contingency Tables with vcd},
  author = {David Meyer and Achim Zeileis and Kurt Hornik},
  journal = {Journal of Statistical Software},
  year = {2006},
  volume = {17},
  number = {3},
  pages = {1--48},
  doi = {10.18637/jss.v017.i03},
}

@Article{vcd2007,
  title = {Residual-based Shadings for Visualizing (Conditional) Independence},
  author = {Achim Zeileis and David Meyer and Kurt Hornik},
  journal = {Journal of Computational and Graphical Statistics},
  year = {2007},
  volume = {16},
  number = {3},
  pages = {507--525},
  doi = {10.1198/106186007X237856},
}

