@article{knuth84,
  author = {Knuth, Donald E.},
  title = {Literate Programming},
  year = {1984},
  issue_date = {May 1984},
  publisher = {Oxford University Press, Inc.},
  address = {USA},
  volume = {27},
  number = {2},
  issn = {0010-4620},
  url = {https://doi.org/10.1093/comjnl/27.2.97},
  doi = {10.1093/comjnl/27.2.97},
  journal = {Comput. J.},
  month = may,
  pages = {97â€“111},
  numpages = {15}
}

@misc{SkewTheScript2024,
  author       = {{Skew the Script}},
  title        = {Sampling Distributions},
  year         = {2024},
  url          = {https://skewthescript.org/ap-stats-curriculum/part-6},
  note         = {Accessed: 2024-07-27},
}

@misc{AlarmRedistIdaho,
  author       = {{Alarm Redistricting}},
  title        = {Idaho Congressional Districts 2020},
  year         = {2024},
  url          = {https://alarm-redist.org/fifty-states/ID_cd_2020/},
  note         = {Accessed: 2024-07-27},
}

@misc{AlarmRedistricting,
  author       = {{Alarm Redistricting}},
  title        = {ALARM Project - Redistricting},
  url          = {https://alarm-redist.org/},
  note         = {Accessed: 2024-07-27},
}